 @article{Ulrik2015,
  author    = {Siddhartha Mishra, Ulrik Skre Fjordholm and Rémi Abgrall},
  title     = {Numerical methods for conservation laws
and related equations},
  journal   = {-},
  volume    = {-},
  year      = {-},
  pages     = {21}
}
@article{Ulrik2015_entropy,
  author    = {Siddhartha Mishra, Ulrik Skre Fjordholm and Rémi Abgrall},
  title     = {Numerical methods for conservation laws
and related equations},
  journal   = {-},
  volume    = {-},
  year      = {-},
  pages     = {29}
}

@misc{bressan2019,
  author       = {Alberto Bressan and Wen Shen},
  title        = {On Traffic Flow with Nonlocal Flux: A Relaxation Representation},
  howpublished = {Preprint},
  year         = {2019},
  note         = {Available from \url{https://arxiv.org/abs/1911.03636}}
}